@article{Student:1908,
	title        = {The probable error of a mean},
	author       = {William Sealy Gosset},
	year         = 1908,
	journal      = {Biometrika},
	volume       = 6,
	number       = 1,
	pages        = {1--25},
	doi          = {10.1093/biomet/6.1.1}
}
@article{Metropolis:1953,
	title        = {Equation of State Calculations by Fast Computing Machines},
	author       = {Metropolis, Nicholas and Rosenbluth, Arianna W. and Rosenbluth, Marshall N. and Teller, Augusta H. and Teller, Edward},
	year         = 1953,
	journal      = {The Journal of Chemical Physics},
	volume       = 21,
	number       = 6,
	pages        = {1087--1092},
	doi          = {10.1063/1.1699114},
	url          = {https://doi.org/10.1063/1.1699114}
}
@article{Box.Cox:1964,
	title        = {An Analysis of Transformations},
	author       = {Box, G. E. P. and Cox, D. R.},
	year         = 1964,
	journal      = {Journal of the Royal Statistical Society: Series B (Methodological)},
	volume       = 26,
	number       = 2,
	pages        = {211--243},
	doi          = {10.1111/j.2517-6161.1964.tb00553.x},
	url          = {https://doi.org/10.1111/j.2517-6161.1964.tb00553.x}
}
@article{Hastings:1970,
	title        = {{Monte {C}arlo sampling methods using {M}arkov chains and their applications}},
	author       = {Hastings, W. K.},
	year         = 1970,
	journal      = {Biometrika},
	volume       = 57,
	number       = 1,
	pages        = {97--109},
	doi          = {10.1093/biomet/57.1.97},
	url          = {https://doi.org/10.1093/biomet/57.1.97}
}
@article{Kinderman.Monahan:1977,
	title        = {Computer Generation of Random Variables Using the Ratio of Uniform Deviates},
	author       = {Kinderman, A. J. and Monahan, J. F.},
	year         = 1977,
	journal      = {ACM Transactions on Mathematical Software},
	publisher    = {Association for Computing Machinery},
	address      = {New York, NY},
	volume       = 3,
	number       = 3,
	pages        = {257--260},
	doi          = {10.1145/355744.355750},
	url          = {https://doi.org/10.1145/355744.355750}
}
@article{Kinderman.Monahan:1977,
	title        = {Computer generation of random variables using the ratio of uniform deviates},
	author       = {Kinderman, Albert J and Monahan, John F},
	year         = 1977,
	journal      = {ACM Transactions on Mathematical Software (TOMS)},
	publisher    = {ACM New York, NY, USA},
	volume       = 3,
	number       = 3,
	pages        = {257--260}
}
@article{Svensson:1981,
	title        = {On a Goodness-of-Fit Test for Multiplicative {P}oisson Models},
	author       = {Ake Svensson},
	year         = 1981,
	journal      = {The Annals of Statistics},
	publisher    = {Institute of Mathematical Statistics},
	volume       = 9,
	number       = 4,
	pages        = {697--704},
	doi          = {10.1214/aos/1176345512},
	url          = {https://doi.org/10.1214/aos/1176345512}
}
@article{Rubin:1981,
	title        = {Estimation in Parallel Randomized Experiments},
	author       = {Donald B. Rubin},
	year         = 1981,
	journal      = {Journal of Educational Statistics},
	volume       = 6,
	number       = 4,
	pages        = {377--401},
	doi          = {10.3102/10769986006004377},
	url          = {https://doi.org/10.3102/10769986006004377}
}
@article{Tarone:1982,
	title        = {The Use of Historical Control Information in Testing for a Trend in Proportions},
	author       = {Robert E. Tarone},
	year         = 1982,
	journal      = {Biometrics},
	publisher    = {[Wiley, International Biometric Society]},
	volume       = 38,
	number       = 1,
	pages        = {215--220},
	url          = {http://www.jstor.org/stable/2530304}
}
@article{Geman.Geman:1984,
	title        = {Stochastic Relaxation, {G}ibbs Distributions, and the {B}ayesian Restoration of Images},
	author       = {Geman, Stuart and Geman, Donald},
	year         = 1984,
	journal      = {IEEE Transactions on Pattern Analysis and Machine Intelligence},
	volume       = {Pami-6},
	number       = 6,
	pages        = {721--741},
	doi          = {10.1109/tpami.1984.4767596}
}
@article{Marshall.Olkin:1985,
	title        = {A Family of Bivariate Distributions Generated by the Bivariate {B}ernoulli Distribution},
	author       = {Albert W. Marshall and Ingram Olkin},
	year         = 1985,
	journal      = {Journal of the American Statistical Association},
	volume       = 80,
	number       = 390,
	pages        = {332--338},
	doi          = {10.1080/01621459.1985.10478116},
	url          = {https://doi.org/10.1080/01621459.1985.10478116}
}
@article{Smith:1985,
	title        = {Maximum likelihood estimation in a class of nonregular cases},
	author       = {Smith, Richard L.},
	year         = 1985,
	journal      = {Biometrika},
	volume       = 72,
	number       = 1,
	pages        = {67--90},
	doi          = {10.1093/biomet/72.1.67},
	url          = {http://dx.doi.org/10.1093/biomet/72.1.67}
}
@article{Kitagawa:1987,
	title        = {Non-{G}aussian Stateâ€”Space Modeling of Nonstationary Time Series},
	author       = {Genshiro Kitagawa},
	year         = 1987,
	journal      = {Journal of the American Statistical Association},
	publisher    = {ASA Website},
	volume       = 82,
	number       = 400,
	pages        = {1032--1041},
	doi          = {10.1080/01621459.1987.10478534},
	url          = {https://doi.org/10.1080/01621459.1987.10478534}
}
@article{Tanner.Wong:1987,
	title        = {The Calculation of Posterior Distributions by Data Augmentation},
	author       = {Martin A. Tanner and Wing Hung Wong},
	year         = 1987,
	journal      = {Journal of the American Statistical Association},
	publisher    = {Taylor \& Francis},
	volume       = 82,
	number       = 398,
	pages        = {528--540},
	doi          = {10.1080/01621459.1987.10478458},
	url          = {https://doi.org/10.1080/01621459.1987.10478458}
}
@article{Mitchell.Beauchamp:1988,
	title        = {Bayesian Variable Selection in Linear Regression},
	author       = {T. J. Mitchell and J. J. Beauchamp},
	year         = 1988,
	journal      = {Journal of the American Statistical Association},
	publisher    = {ASA Website},
	volume       = 83,
	number       = 404,
	pages        = {1023--1032},
	doi          = {10.1080/01621459.1988.10478694},
	url          = {https://doi.org/10.1080/01621459.1988.10478694}
}
@article{Gelfand.Smith:1990,
	title        = {Sampling-Based Approaches to Calculating Marginal Densities},
	author       = {Alan E. Gelfand and Adrian F.M. Smith},
	year         = 1990,
	journal      = {Journal of the American Statistical Association},
	publisher    = {Taylor \& Francis},
	volume       = 85,
	number       = 410,
	pages        = {398--409},
	doi          = {10.1080/01621459.1990.10476213}
}
@article{Wakefield:1991,
	title        = {Efficient generation of random variates via the ratio-of-uniforms method},
	author       = {Wakefield, J. C. and Gelfand, A. E. and Smith, A. F. M.},
	year         = 1991,
	journal      = {Statistics and Computing},
	volume       = 1,
	number       = 2,
	pages        = {129--133},
	doi          = {10.1007/bf01889987},
	url          = {https://doi.org/10.1007/BF01889987}
}
@article{Wakefield.Gelfand.Smith:1991,
	title        = {Efficient generation of random variates via the ratio-of-uniforms method},
	author       = {Wakefield, J. C. and Gelfand, A. E. and Smith, A. F. M.},
	year         = 1991,
	journal      = {Statistics and Computing},
	volume       = 1,
	number       = 2,
	pages        = {129--133},
	doi          = {10.1007/BF01889987},
	url          = {https://doi.org/10.1007/BF01889987}
}
@article{Gelman.Rubin:1992,
	title        = {Inference from Iterative Simulation Using Multiple Sequences},
	author       = {Andrew Gelman and Donald B. Rubin},
	year         = 1992,
	journal      = {Statistical Science},
	publisher    = {Institute of Mathematical Statistics},
	volume       = 7,
	number       = 4,
	pages        = {457--472},
	doi          = {10.1214/ss/1177011136},
	url          = {https://doi.org/10.1214/ss/1177011136}
}
@article{Geyer:1992,
	title        = {Practical {M}arkov Chain {M}onte {C}arlo},
	author       = {Charles J. Geyer},
	year         = 1992,
	journal      = {Statistical Science},
	publisher    = {Institute of Mathematical Statistics},
	volume       = 7,
	number       = 4,
	pages        = {473--483},
	doi          = {10.1214/ss/1177011137},
	url          = {https://doi.org/10.1214/ss/1177011137}
}
@article{George.McCulloch:1993,
	title        = {Variable Selection via {G}ibbs Sampling},
	author       = {Edward I. George and Robert E. McCulloch},
	year         = 1993,
	journal      = {Journal of the American Statistical Association},
	publisher    = {ASA Website},
	volume       = 88,
	number       = 423,
	pages        = {881--889},
	doi          = {10.1080/01621459.1993.10476353},
	url          = {https://doi.org/10.1080/01621459.1993.10476353}
}
@article{Madigan.Raftery:1994,
	title        = {Model Selection and Accounting for Model Uncertainty in Graphical Models Using {O}ccam's Window},
	author       = {David Madigan and Adrian E. Raftery},
	year         = 1994,
	journal      = {Journal of the American Statistical Association},
	publisher    = {ASA Website},
	volume       = 89,
	number       = 428,
	pages        = {1535--1546},
	doi          = {10.1080/01621459.1994.10476894},
	url          = {https://doi.org/10.1080/01621459.1994.10476894}
}
@article{Arjas.Gasbarra:1994,
	title        = {Nonparametric Bayesian inference from right censored survival data, using the {G}ibbs sampler},
	author       = {Elja Arjas and Dario Gasbarra},
	year         = 1994,
	journal      = {Statistica Sinica},
	publisher    = {Institute of Statistical Science, Academia Sinica},
	volume       = 4,
	number       = 2,
	pages        = {505--524},
	url          = {http://www.jstor.org/stable/24305530},
	urldate      = {2025-01-31}
}
@article{Albert:1994,
	title        = {A {B}ayesian Approach to Estimation of {GPA}s of {U}niversity of {I}owa Freshmen Under Order Restrictions},
	author       = {James H. Albert},
	year         = 1994,
	journal      = {Journal of Educational Statistics},
	volume       = 19,
	number       = 1,
	pages        = {1--21},
	doi          = {10.3102/10769986019001001},
	url          = {https://doi.org/10.3102/10769986019001001}
}
@article{Western.Jackman:1994,
	title        = {Bayesian Inference for Comparative Research},
	author       = {Western, Bruce and Jackman, Simon},
	year         = 1994,
	journal      = {The American Political Science Review},
	volume       = 88,
	number       = 2,
	pages        = {412--423},
	doi          = {10.2307/2944713},
	url          = {https://doi.org/10.2307/2944713}
}
@article{Green:1995,
	title        = {Reversible jump {M}arkov chain {M}onte {C}arlo computation and {B}ayesian model determination},
	author       = {Green, Peter J.},
	year         = 1995,
	journal      = {Biometrika},
	volume       = 82,
	number       = 4,
	pages        = {711--732},
	doi          = {10.1093/biomet/82.4.711},
	url          = {https://doi.org/10.1093/biomet/82.4.711}
}
@article{Kass.Raftery:1995,
	title        = {Bayes Factors},
	author       = {Robert E. Kass and Adrian E. Raftery},
	year         = 1995,
	journal      = {Journal of the American Statistical Association},
	publisher    = {Taylor \& Francis},
	volume       = 90,
	number       = 430,
	pages        = {773--795},
	doi          = {10.1080/01621459.1995.10476572}
}
@article{Hyndman:1996,
	title        = {Computing and Graphing Highest Density Regions},
	author       = {Rob J. Hyndman},
	year         = 1996,
	journal      = {The American Statistician},
	publisher    = {ASA Website},
	volume       = 50,
	number       = 2,
	pages        = {120--126},
	doi          = {10.1080/00031305.1996.10474359},
	url          = {https://doi.org/10.1080/00031305.1996.10474359}
}
@article{Coles.Tawn:1996,
	title        = {A {B}ayesian Analysis of Extreme Rainfall Data},
	author       = {Stuart G. Coles and Jonathan A. Tawn},
	year         = 1996,
	journal      = {Journal of the Royal Statistical Society. Series C (Applied Statistics)},
	publisher    = {[Wiley, Royal Statistical Society]},
	volume       = 45,
	number       = 4,
	pages        = {463--478},
	doi          = {10.2307/2986068},
	url          = {https://doi.org/10.2307/2986068},
	doir         = {10.2307/2986068}
}
@article{Liu.Rubin.Wu:1998,
	title        = {Parameter expansion to accelerate {EM}: The {PX-EM} algorithm},
	author       = {Liu, Chuanhai and Rubin, Donald B. and Wu, Ying Nian},
	year         = 1998,
	journal      = {Biometrika},
	volume       = 85,
	number       = 4,
	pages        = {755--770},
	doi          = {10.1093/biomet/85.4.755},
	url          = {https://doi.org/10.1093/biomet/85.4.755}
}
@article{Martins.Stedinger:2000,
	title        = {Generalized maximum-likelihood generalized extreme-value quantile estimators for hydrologic data},
	author       = {Martins, Eduardo S. and Stedinger, Jery R.},
	year         = 2000,
	journal      = {Water Resources Research},
	volume       = 36,
	number       = 3,
	pages        = {737--744},
	doi          = {10.1029/1999WR900330},
	url          = {https://doi.org/10.1029/1999WR900330}
}
@article{vanDyk.Meng:2001,
	title        = {The Art of Data Augmentation},
	author       = {David A van Dyk and Xiao-Li Meng},
	year         = 2001,
	journal      = {Journal of Computational and Graphical Statistics},
	publisher    = {Taylor \& Francis},
	volume       = 10,
	number       = 1,
	pages        = {1--50},
	doi          = {10.1198/10618600152418584},
	url          = {https://doi.org/10.1198/10618600152418584}
}
@article{Roberts.Rosenthal:2001,
	title        = {Optimal scaling for various {M}etropolis--{H}astings algorithms},
	author       = {Gareth O. Roberts and Jeffrey S. Rosenthal},
	year         = 2001,
	journal      = {Statistical Science},
	publisher    = {Institute of Mathematical Statistics},
	volume       = 16,
	number       = 4,
	pages        = {351--367},
	doi          = {10.1214/ss/1015346320},
	url          = {https://doi.org/10.1214/ss/1015346320}
}
@article{Green:2001,
	author       = {Green, Peter J.},
	year         = 2001,
	journal      = {Monographs on statistics and applied probability},
	publisher    = {Chapman \& Hall},
	volume       = 87,
	pages        = {1--62},
	%p.55
  title = {A primer on {M}arkov chain {M}onte {C}arlo}
}
@article{Waagepetersen.Sorensen:2001,
	title        = {A Tutorial on Reversible Jump {MCMC} with a View toward Applications in {QTL}-mapping},
	author       = {Waagepetersen, Rasmus and Sorensen, Daniel},
	year         = 2001,
	journal      = {International Statistical Review},
	volume       = 69,
	number       = 1,
	pages        = {49--61},
	doi          = {10.1111/j.1751-5823.2001.tb00479.x},
	url          = {https://doi.org/10.1111/j.1751-5823.2001.tb00479.x}
}
@article{Spiegelhalter:2002,
	title        = {Bayesian measures of model complexity and fit},
	author       = {Spiegelhalter, David J. and Best, Nicola G. and Carlin, Bradley P. and Van Der Linde, Angelika},
	year         = 2002,
	journal      = {Journal of the Royal Statistical Society: Series B (Statistical Methodology)},
	volume       = 64,
	number       = 4,
	pages        = {583--639},
	doi          = {10.1111/1467-9868.00353},
	url          = {https://doi.org/10.1111/1467-9868.00353}
}
@article{Stephens:2002,
	title        = {Dealing With Label Switching in Mixture Models},
	author       = {Stephens, Matthew},
	year         = 2002,
	journal      = {Journal of the Royal Statistical Society Series B: Statistical Methodology},
	volume       = 62,
	number       = 4,
	pages        = {795--809},
	doi          = {10.1111/1467-9868.00265},
	url          = {https://doi.org/10.1111/1467-9868.00265}
}
@article{Beaumont:2003,
	title        = {Estimation of Population Growth or Decline in Genetically Monitored Populations},
	author       = {Beaumont, Mark A},
	year         = 2003,
	journal      = {Genetics},
	volume       = 164,
	number       = 3,
	pages        = {1139--1160},
	doi          = {10.1093/genetics/164.3.1139},
	url          = {https://doi.org/10.1093/genetics/164.3.1139}
}
@article{Neal:2003,
	title        = {Slice sampling},
	author       = {Radford M. Neal},
	year         = 2003,
	journal      = {The Annals of Statistics},
	publisher    = {Institute of Mathematical Statistics},
	volume       = 31,
	number       = 3,
	pages        = {705--767},
	doi          = {10.1214/aos/1056562461},
	url          = {https://doi.org/10.1214/aos/1056562461}
}
@article{Geweke:2004,
	title        = {Getting It Right: Joint Distribution Tests of Posterior Simulators},
	author       = {John Geweke},
	year         = 2004,
	journal      = {Journal of the American Statistical Association},
	publisher    = {Taylor \& Francis},
	volume       = 99,
	number       = 467,
	pages        = {799--804},
	doi          = {10.1198/016214504000001132},
	url          = {https://doi.org/10.1198/016214504000001132}
}
f
@article{Jasra.Holmes.Stephens:2005,
	title        = {{M}arkov Chain {M}onte {C}arlo Methods and the Label Switching Problem in {B}ayesian Mixture Modeling},
	author       = {A. Jasra and C. C. Holmes and D. A. Stephens},
	year         = 2005,
	journal      = {Statistical Science},
	publisher    = {Institute of Mathematical Statistics},
	volume       = 20,
	number       = 1,
	pages        = {50--67},
	doi          = {10.1214/088342305000000016},
	url          = {https://doi.org/10.1214/088342305000000016}
}
@article{Ishwaran.Rao:2005,
	title        = {Spike and slab variable selection: frequentist and {B}ayesian strategies},
	author       = {Hemant Ishwaran and J. Sunil Rao},
	year         = 2005,
	journal      = {The Annals of Statistics},
	publisher    = {Institute of Mathematical Statistics},
	volume       = 33,
	number       = 2,
	pages        = {730--773},
	doi          = {10.1214/009053604000001147},
	url          = {https://doi.org/10.1214/009053604000001147}
}
@article{Gelman:2006,
	title        = {Prior distributions for variance parameters in hierarchical models (comment on article by {B}rowne and {D}raper)},
	author       = {Andrew Gelman},
	year         = 2006,
	journal      = {Bayesian Analysis},
	publisher    = {International Society for Bayesian Analysis},
	volume       = 1,
	number       = 3,
	pages        = {515--534},
	doi          = {10.1214/06-ba117a},
	url          = {https://doi.org/10.1214/06-BA117A}
}
@article{Held.Holmes:2006,
	title        = {{B}ayesian auxiliary variable models for binary and multinomial regression},
	author       = {Leonhard Held and Chris C. Holmes},
	year         = 2006,
	journal      = {Bayesian Analysis},
	publisher    = {International Society for Bayesian Analysis},
	volume       = 1,
	number       = 1,
	pages        = {145--168},
	doi          = {10.1214/06-BA105},
	url          = {https://doi.org/10.1214/06-BA105}
}
@article{coda,
	title        = {{CODA}: Convergence Diagnosis and Output Analysis for {MCMC}},
	author       = {Martyn Plummer and Nicky Best and Kate Cowles and Karen Vines},
	year         = 2006,
	journal      = {R News},
	volume       = 6,
	number       = 1,
	pages        = {7--11},
	doi          = {10.32614/CRAN.package.coda},
	url          = {https://www.r-project.org/doc/Rnews/Rnews_2006-1.pdf}
}
@article{Gelman.Fagan.Kiss:2007,
	title        = {An Analysis of the New York City Police Department's ``Stop-and-Frisk'' Policy in the Context of Claims of Racial Bias},
	author       = {Andrew Gelman and Jeffrey Fagan and Alex Kiss},
	year         = 2007,
	journal      = {Journal of the American Statistical Association},
	publisher    = {Taylor \& Francis},
	volume       = 102,
	number       = 479,
	pages        = {813--823},
	doi          = {10.1198/016214506000001040}
}
@article{Andrieu.Thoms:2008,
	title        = {A tutorial on adaptive {MCMC}},
	author       = {Andrieu, Christophe and Thoms, Johannes},
	year         = 2008,
	day          = {01},
	journal      = {Statistics and Computing},
	volume       = 18,
	number       = 4,
	pages        = {343--373},
	doi          = {10.1007/s11222-008-9110-y},
	url          = {https://doi.org/10.1007/s11222-008-9110-y}
}
@article{Flegal.Haran.Jones:2008,
	title        = {{M}arkov Chain {M}onte {C}arlo: Can We Trust the Third Significant Figure?},
	author       = {James M. Flegal and Murali Haran and Galin L. Jones},
	year         = 2008,
	journal      = {Statistical Science},
	publisher    = {Institute of Mathematical Statistics},
	volume       = 23,
	number       = 2,
	pages        = {250--260},
	doi          = {10.1214/08-STS257},
	url          = {https://doi.org/10.1214/08-STS257}
}
@article{Nadarajah:2008,
	title        = {{M}arshall and {O}lkin's Distributions},
	author       = {Nadarajah, Saralees},
	year         = 2008,
	day          = {01},
	journal      = {Acta Applicandae Mathematicae},
	volume       = 103,
	number       = 1,
	pages        = {87--100},
	doi          = {10.1007/s10440-008-9221-7},
	url          = {https://doi.org/10.1007/s10440-008-9221-7}
}
@article{Park.Casella:2008,
	title        = {The {B}ayesian {L}asso},
	author       = {Trevor Park and George Casella},
	year         = 2008,
	journal      = {Journal of the American Statistical Association},
	publisher    = {Taylor \& Francis},
	volume       = 103,
	number       = 482,
	pages        = {681--686},
	doi          = {10.1198/016214508000000337},
	url          = {https://doi.org/10.1198/016214508000000337}
}
@article{Andrieu.Roberts:2009,
	title        = {The pseudo-marginal approach for efficient {M}onte {C}arlo computations},
	author       = {Christophe Andrieu and Gareth O. Roberts},
	year         = 2009,
	journal      = {The Annals of Statistics},
	publisher    = {Institute of Mathematical Statistics},
	volume       = 37,
	number       = 2,
	pages        = {697--725},
	doi          = {10.1214/07-AOS574},
	url          = {https://doi.org/10.1214/07-AOS574}
}
@article{Carvalho.Polson.Scott:2010,
    title        = {The horseshoe estimator for sparse signals},
    author       = {Carvalho, Carlos M. and Polson, Nicholas G. and Scott, James G.},
	year         = 2010,
	journal      = {Biometrika},
	volume       = 97,
	number       = 2,
	pages        = {465--480},
	doi          = {10.1093/biomet/asq017},
	url          = {https://doi.org/10.1093/biomet/asq017}
}
@article{Watanabe:2010,
	title        = {Asymptotic Equivalence of {B}ayes Cross Validation and Widely Applicable Information Criterion in Singular Learning Theory},
	author       = {Sumio Watanabe},
	year         = 2010,
	journal      = {Journal of Machine Learning Research},
	volume       = 11,
	number       = 116,
	pages        = {3571--3594},
	url          = {http://jmlr.org/papers/v11/watanabe10a.html}
}
@article{Bove.Held:2011,
	title        = {Hyper-$g$ priors for generalized linear models},
	author       = {Daniel Saban{\'e}s Bov{\'e} and Leonhard Held},
	year         = 2011,
	journal      = {Bayesian Analysis},
	publisher    = {International Society for Bayesian Analysis},
	volume       = 6,
	number       = 3,
	pages        = {387--410},
	doi          = {10.1214/11-ba615},
	url          = {https://doi.org/10.1214/11-BA615}
}
@article{Wang:2012,
	title        = {{B}ayesian Graphical Lasso Models and Efficient Posterior Computation},
	author       = {Hao Wang},
	year         = 2012,
	journal      = {Bayesian Analysis},
	publisher    = {International Society for Bayesian Analysis},
	volume       = 7,
	number       = 4,
	pages        = {867--886},
	doi          = {10.1214/12-ba729},
	url          = {https://doi.org/10.1214/12-BA729}
}
@article{Beskos:2013,
	title        = {Optimal tuning of the hybrid {M}onte {C}arlo algorithm},
	author       = {Alexandros Beskos and Natesh Pillai and Gareth Roberts and Jesus-Maria Sanz-Serna and Andrew Stuart},
	year         = 2013,
	journal      = {Bernoulli},
	publisher    = {Bernoulli Society for Mathematical Statistics and Probability},
	volume       = 19,
	number       = {5A},
	pages        = {1501--1534},
	doi          = {10.3150/12-BEJ414},
	url          = {https://doi.org/10.3150/12-BEJ414}
}
@article{Sherlock:2013,
	title        = {Optimal scaling of the random walk {M}etropolis: general criteria for the 0.234 acceptance rule},
	author       = {Chris Sherlock},
	year         = 2013,
	journal      = {Journal of Applied Probability},
	publisher    = {Applied Probability Trust},
	volume       = 50,
	number       = 1,
	pages        = {1--15},
	doi          = {10.1239/jap/1363784420},
	url          = {https://doi.org/10.1239/jap/1363784420}
}
@article{Homan.Gelman:2014,
	title        = {The No-{U}-turn sampler: adaptively setting path lengths in {H}amiltonian {M}onte {C}arlo},
	author       = {Homan, Matthew D. and Gelman, Andrew},
	year         = 2014,
	journal      = {Journal of Machine Learning Research},
	volume       = 15,
	number       = 1,
	pages        = {1593--1623}
}
@article{Spiegelhalter:2014,
	title        = {The Deviance Information Criterion: 12 Years on},
	author       = {Spiegelhalter, David J. and Best, Nicola G. and Carlin, Bradley P. and Linde, Angelika},
	year         = 2014,
	journal      = {Journal of the Royal Statistical Society Series B: Statistical Methodology},
	volume       = 76,
	number       = 3,
	pages        = {485--493},
	doi          = {10.1111/rssb.12062},
	url          = {https://doi.org/10.1111/rssb.12062}
}
@article{Green:2015,
	title        = {Bayesian computation: a summary of the current state, and samples backwards and forwards},
	author       = {Green, Peter J. and {\L}atuszy{\'{n}}ski, Krzysztof and Pereyra, Marcelo and Robert, Christian P.},
	year         = 2015,
	journal      = {Statistics and Computing},
	volume       = 25,
	number       = 4,
	pages        = {835--862},
	doi          = {10.1007/s11222-015-9574-5},
	url          = {https://doi.org/10.1007/s11222-015-9574-5}
}
@article{Nychka:2015,
	title        = {A multiresolution {G}aussian process model for the analysis of large spatial datasets},
	author       = {Nychka, Douglas and Bandyopadhyay, Soutir and Hammerling, Dorit and Lindgren, Finn and Sain, Stephan},
	year         = 2015,
	journal      = {Journal of Computational and Graphical Statistics},
	publisher    = {Taylor \& Francis},
	volume       = 24,
	number       = 2,
	pages        = {579--599}
}
@article{Northrop.Attalides:2016,
	title        = {Posterior propriety in {B}ayesian extreme value analyses using reference priors},
	author       = {Northrop, Paul J. and Attalides, Nicolas},
	year         = 2016,
	journal      = {Statistica Sinica},
	volume       = 26,
	number       = 2,
	pages        = {721--743},
	doi          = {10.5705/ss.2014.034},
	url          = {https://doi.org/10.5705/ss.2014.034}
}
@article{Betancourt:2017,
	title        = {A conceptual introduction to {H}amiltonian {M}onte {C}arlo},
	author       = {Betancourt, Michael},
	year         = 2017,
	journal      = {arXiv preprint},
	doi          = {10.48550/arXiv.1701.02434},
	note         = {arXiv:1701.02434}
}
@article{Stan:2017,
	title        = {{Stan}: A Probabilistic Programming Language},
	author       = {Carpenter, Bob and Gelman, Andrew and Hoffman, Matthew D. and Lee, Daniel and Goodrich, Ben and Betancourt, Michael and Brubaker, Marcus and Guo, Jiqiang and Li, Peter and Riddell, Allen},
	year         = 2017,
	journal      = {Journal of Statistical Software},
	volume       = 76,
	number       = 1,
	pages        = {1â€“32},
	doi          = {10.18637/jss.v076.i01},
	url          = {https://www.jstatsoft.org/index.php/jss/article/view/v076i01}
}
@article{Simpson:2017,
	title        = {Penalising Model Component Complexity: A Principled, Practical Approach to Constructing Priors},
	author       = {Daniel Simpson and H{\aa}vard Rue and Andrea Riebler and Thiago G. Martins and Sigrunn H. S{\o}rbye},
	year         = 2017,
	journal      = {Statistical Science},
	publisher    = {Institute of Mathematical Statistics},
	volume       = 32,
	number       = 1,
	pages        = {1--28},
	doi          = {10.1214/16-sts576},
	url          = {https://doi.org/10.1214/16-STS576}
}
@article{Griffin.Brown:2017,
	title        = {Hierarchical Shrinkage Priors for Regression Models},
	author       = {Jim Griffin and Phil Brown},
	year         = 2017,
	journal      = {Bayesian Analysis},
	publisher    = {International Society for Bayesian Analysis},
	volume       = 12,
	number       = 1,
	pages        = {135--159},
	doi          = {10.1214/15-ba990},
	url          = {https://doi.org/10.1214/15-BA990}
}
@article{Piironen.Vehtari:2017,
	title        = {Sparsity information and regularization in the horseshoe and other shrinkage priors},
	author       = {Juho Piironen and Aki Vehtari},
	year         = 2017,
	journal      = {Electronic Journal of Statistics},
	publisher    = {Institute of Mathematical Statistics and Bernoulli Society},
	volume       = 11,
	number       = 2,
	pages        = {5018--5051},
	doi          = {10.1214/17-ejs1337si},
	url          = {https://doi.org/10.1214/17-EJS1337SI}
}
@article{Sorbye.Holbek.Rue:2017,
	title        = {Penalised Complexity Priors for Stationary Autoregressive Processes},
	author       = {S{\o}rbye, Sigrunn Holbek and Rue, H{\aa}vard},
	year         = 2017,
	journal      = {Journal of Time Series Analysis},
	volume       = 38,
	number       = 6,
	pages        = {923--935},
	doi          = {10.1111/jtsa.12242},
	url          = {https://doi.org/10.1111/jtsa.12242}
}
@article{Bai.Ghosh:2018,
	title        = {High-dimensional multivariate posterior consistency under globalâ€“local shrinkage priors},
	author       = {Ray Bai and Malay Ghosh},
	year         = 2018,
	journal      = {Journal of Multivariate Analysis},
	volume       = 167,
	pages        = {157--170},
	doi          = {10.1016/j.jmva.2018.04.010},
	url          = {https://doi.org/10.1016/j.jmva.2018.04.010}
}
@article{Gabry:2019,
	title        = {{Visualization in {B}ayesian Workflow}},
	author       = {Gabry, Jonah and Simpson, Daniel and Vehtari, Aki and Betancourt, Michael and Gelman, Andrew},
	year         = 2019,
	journal      = {Journal of the Royal Statistical Society Series A: Statistics in Society},
	volume       = 182,
	number       = 2,
	pages        = {389--402},
	doi          = {10.1111/rssa.12378},
	url          = {https://doi.org/10.1111/rssa.12378}
}
@article{vanErp:2019,
	title        = {Shrinkage priors for {B}ayesian penalized regression},
	author       = {van Erp, Sara and Oberski, Daniel L. and Mulder, Joris},
	year         = 2019,
	journal      = {Journal of Mathematical Psychology},
	publisher    = {Elsevier Science},
	address      = {Netherlands},
	volume       = 89,
	pages        = {31--50},
	doi          = {10.1016/j.jmp.2018.12.004},
	url          = {https://doi.org/10.1016/j.jmp.2018.12.004}
}
@article{owidcoronavirus,
	title        = {Coronavirus Pandemic (COVID-19)},
	author       = {Edouard Mathieu and Hannah Ritchie and Lucas Rod\'{e}s-Guirao and Cameron Appel and Charlie Giattino and Joe Hasell and Bobbie Macdonald and Saloni Dattani and Diana Beltekian and Esteban Ortiz-Ospina and Max Roser},
	year         = 2020,
	journal      = {Our World in Data},
	note         = {https://ourworldindata.org/coronavirus}
}
@article{Gelman:2020,
	title        = {Bayesian workflow},
	author       = {Gelman, Andrew and Vehtari, Aki and Simpson, Daniel and Margossian, Charles C and Carpenter, Bob and Yao, Yuling and Kennedy, Lauren and Gabry, Jonah and B{\"u}rkner, Paul-Christian and Modr{\'a}k, Martin},
	year         = 2020,
	journal      = {arXiv},
	doi          = {https://doi.org/10.48550/arXiv.2011.01808},
	note         = {arXiv:2011.01808}
}
@article{Nishimura:2020,
	title        = {Discontinuous {H}amiltonian {M}onte {C}arlo for discrete parameters and discontinuous likelihoods},
	author       = {Nishimura, Akihiko and Dunson, David B and Lu, Jianfeng},
	year         = 2020,
	journal      = {Biometrika},
	volume       = 107,
	number       = 2,
	pages        = {365--380},
	doi          = {10.1093/biomet/asz083},
	url          = {https://doi.org/10.1093/biomet/asz083}
}
@article{Vats.Knudson:2021,
	title        = {Revisiting the {G}elman--{R}ubin Diagnostic},
	author       = {Dootika Vats and Christina Knudson},
	year         = 2021,
	journal      = {Statistical Science},
	publisher    = {Institute of Mathematical Statistics},
	volume       = 36,
	number       = 4,
	pages        = {518--529},
	doi          = {10.1214/20-STS812},
	url          = {https://doi.org/10.1214/20-STS812}
}
@article{Jegerlehner:2021,
	title        = {Diagnostic accuracy of a {SARS-CoV-2} rapid antigen test in real-life clinical settings},
	author       = {Jegerlehner, Sabrina and Suter-Riniker, Franziska and Jent, Philipp and Bittel, Pascal and Nagler, Michael},
	year         = 2021,
	day          = {01},
	journal      = {International Journal of Infectious Diseases},
	publisher    = {Elsevier},
	volume       = 109,
	pages        = {118--122},
	doi          = {10.1016/j.ijid.2021.07.010},
	url          = {https://doi.org/10.1016/j.ijid.2021.07.010}
}
@article{Brodeur:2021,
	title        = {Smartwatches are more distracting than mobile phones while driving: Results from an experimental study},
	author       = {Mathieu Brodeur and Perrine Ruer and Pierre-Majorique L\'{e}ger and Sylvain S\'{e}n\'{e}cal},
	year         = 2021,
	journal      = {Accident Analysis \& Prevention},
	volume       = 149,
	pages        = 105846,
	doi          = {10.1016/j.aap.2020.105846},
	url          = {https://doi.org/10.1016/j.aap.2020.105846}
}
@article{Matias:2021,
	title        = {The {U}pworthy {R}esearch {A}rchive, a time series of 32,487 experiments in {U.S.} media},
	author       = {Matias, J. Nathan and Munger, Kevin and Le Quere, Marianne Aubin and Ebersole, Charles},
	year         = 2021,
	journal      = {Scientific Data},
	volume       = 8,
	number       = 195,
	doi          = {10.1038/s41597-021-00934-7},
	url          = {https://doi.org/10.1038/s41597-021-00934-7}
}
@article{vanNiekerk:2021,
	title        = {A principled distance-based prior for the shape of the {W}eibull model},
	author       = {van Niekerk, J. and Bakka, H. and Rue, H.},
	year         = 2021,
	journal      = {Statistics {\&} Probability Letters},
	volume       = 174,
	pages        = 109098,
	doi          = {10.1016/j.spl.2021.109098},
	url          = {https://doi.org/10.1016/j.spl.2021.109098}
}
@article{Sailynoja:2022,
	title        = {Graphical test for discrete uniformity and its applications in goodness-of-fit evaluation and multiple sample comparison},
	author       = {S{\"a}ilynoja, Teemu and B{\"u}rkner, Paul-Christian and Vehtari, Aki},
	year         = 2022,
	day          = 24,
	journal      = {Statistics and Computing},
	volume       = 32,
	number       = 2,
	pages        = 32,
	doi          = {10.1007/s11222-022-10090-6},
	url          = {https://doi.org/10.1007/s11222-022-10090-6}
}
@article{Bolin:2023,
	title        = {{W}asserstein complexity penalization priors: a new class of penalizing complexity priors},
	author       = {{Bolin}, David and {Simas}, Alexandre B. and {Xiong}, Zhen},
	year         = 2023,
	journal      = {arXiv e-prints},
	pages        = {arXiv:2312.04481},
	doi          = {10.48550/arXiv.2312.04481}
}
@article{Duke.Amir:2023,
	title        = {The Importance of Selling Formats: When Integrating Purchase and Quantity Decisions Increases Sales},
	author       = {Duke, Kristen E. and Amir, On},
	year         = 2023,
	journal      = {Marketing Science},
	volume       = 42,
	number       = 1,
	pages        = {87--109},
	doi          = {10.1287/mksc.2022.1364},
	url          = {https://doi.org/10.1287/mksc.2022.1364}
}
@article{Zhang.Shaby:2023,
	title        = {Reference priors for the generalized extreme value distribution},
	author       = {Likun Zhang and Benjamin A. Shaby},
	year         = 2023,
	journal      = {Statistica Sinica},
	volume       = 33,
	pages        = {2185--2208},
	doi          = {10.5705/ss.202021.0258},
	url          = {https://doi.org/10.5705/ss.202021.0258}
}
@book{Zellner:1971,
	title        = {An Introduction to {B}ayesian Inference in Econometrics},
	author       = {Zellner, Arnold},
	year         = 1971,
	publisher    = {Wiley},
	isbn         = 9780471981657,
	lccn         = {gb96082549}
}
@book{deFinetti:1974,
	title        = {Theory of Probability},
	author       = {de Finetti, Bruno},
	year         = 1974,
	publisher    = {Wiley},
	address      = {New York},
	volume       = 1,
	subtitle     = {A Critical Introductory Treatment}
}
@book{deFinetti:1975,
	title        = {Theory of Probability},
	author       = {de Finetti, Bruno},
	year         = 1975,
	publisher    = {Wiley},
	address      = {New York},
	volume       = 2,
	subtitle     = {A Critical Introductory Treatment}
}
@book{Devroye:1986,
	title        = {Non-Uniform Random Variate Generation},
	author       = {Devroye, L.},
	year         = 1986,
	publisher    = {Springer},
	address      = {New York},
	isbn         = 9781461386438,
	url          = {http://www.nrbook.com/devroye/},
	page         = 843,
	lccn         = 86003783
}
@book{Casella.Berger:2002,
	title        = {Statistical Inference},
	author       = {Casella, G. and Berger, R.L.},
	year         = 2002,
	location     = {Pacific Grove, CA},
	publisher    = {Duxbury},
	isbn         = 9780357719329,
	edition      = 2
}
@book{Davison:2003,
	title        = {Statistical Models},
	author       = {Davison, A. C.},
	year         = 2003,
	location     = {Cambridge, UK},
	publisher    = {Cambridge University Press}
}
@book{Jaynes:2003,
	title        = {Probability theory},
	author       = {E. T. Jaynes},
	year         = 2003,
	publisher    = {Cambridge University Press},
	subtitle     = {The logic of science}
}
@book{Casella.Robert:2004,
	title        = {{M}onte {C}arlo Statistical Methods},
	author       = {Christian P. Robert and George Casella},
	year         = 2004,
	location     = {New York, NY},
	publisher    = {Springer},
	address      = {New York, NY},
	doi          = {10.1007/978-1-4757-4145-2},
	url          = {https://doi.org/10.1007/978-1-4757-4145-2},
	edition      = 2
}
@book{McNeil.Frey.Embrechts:2005,
	title        = {Quantitative Risk Management},
	author       = {McNeil, A.J. and Frey, R. and Embrechts, P.},
	year         = 2005,
	location     = {Princeton, NJ},
	publisher    = {Princeton University Press},
	isbn         = 9780691122557,
	subtitle     = {Concepts, Techniques, and Tools},
	lccn         = 2005049603,
	edition      = 1
}
@book{Rue.Held:2005,
	title        = {{G}aussian {M}arkov Random Fields: Theory and Applications},
	author       = {Rue, H. and Held, L.},
	year         = 2005,
	publisher    = {CRC Press},
	address      = {Boca Raton},
	series       = {Chapman \& Hall/CRC Monographs on Statistics \& Applied Probability},
	pages        = 280,
	isbn         = 9780203492024,
	lccn         = 2004061870
}
@book{Albert:2009,
	title        = {Bayesian computation with {R}},
	author       = {Jim Albert},
	year         = 2009,
	publisher    = {Springer},
	address      = {New York},
	doi          = {10.1007/978-0-387-92298-0},
	edition      = 2
}
@book{Gelman:2013,
	title        = {Bayesian Data Analysis},
	author       = {Andrew Gelman and John B. Carlin and Hal S. Stern and David B. Dunson and Aki Vehtari and Donald B. Rubin},
	year         = 2013,
	publisher    = {Chapman and Hall/CRC},
	address      = {New York},
	doi          = {10.1201/b16018},
	url          = {http://www.stat.columbia.edu/~gelman/book/},
	edition      = 3
}
@book{Marin.Robert:2013,
	title        = {Bayesian Essentials with {R}},
	author       = {Jean-Michel Marin and Christian P. Robert},
	year         = 2013,
	publisher    = {Springer},
	address      = {New York},
	doi          = {10.1007/978-1-4614-8687-9},
	edition      = 2
}
@book{Gradshteyn.Ryzhik:2014,
	title        = {Table of Integrals, Series, and Products},
	author       = {Gradshteyn, I.S. and Ryzhik, I.M.},
	year         = 2014,
	publisher    = {Academic Press},
	doi          = {10.1016/c2010-0-64839-5},
	isbn         = 9781483265643,
	url          = {https://doi.org/10.1016/C2010-0-64839-5},
	edition      = 8
}
@book{Wood:2015,
	title        = {Core Statistics},
	author       = {Wood, S.N.},
	year         = 2015,
	publisher    = {Cambridge University Press},
	series       = {Core Statistics},
	doi          = {10.1017/cbo9781107741973},
	isbn         = 9781107071056,
	url          = {https://books.google.ca/books?id=LeJwBwAAQBAJ}
}
@book{Reich.Ghosh:2019,
	title        = {Bayesian Statistical Methods},
	year         = 2019,
	publisher    = {Chapman and Hall/CRC},
	address      = {New York},
	doi          = {doi.org/10.1201/9780429202292},
	authors      = {Brian J. Reich and Sujit K. Ghosh}
}
@book{Held.Bove:2020,
	title        = {Likelihood and {B}ayesian inference},
	author       = {Leonhard Held and Daniel Saban\'{e}s Bov\'{e}},
	year         = 2020,
	location     = {Heidelberg},
	publisher    = {Springer Berlin},
	doi          = {10.1007/978-3-662-60792-3},
	subtitle     = {With Applications in Biology and Medicine},
	edition      = 2
}
@book{McElreath:2020,
	title        = {Statistical Rethinking},
	author       = {Richard McElreath},
	year         = 2020,
	publisher    = {Chapman and Hall/CRC},
	address      = {New York},
	edition      = 2,
	subtitle     = {A {B}ayesian Course with Examples in {R} and {STAN}}
}
@book{Johnson.Ott.Dogucu:2022,
	title        = {Bayes rules!},
	author       = {Alicia A. Johnson and Miles Q. Ott and Mine Dogucu},
	year         = 2022,
	publisher    = {Chapman and Hall/CRC},
	address      = {New York},
	doi          = {10.1201/9780429288340},
	subtitle     = {An introduction to applied {B}ayesian modeling},
	edition      = 1
}
@book{Alexander:2023,
	title        = {Telling Stories with Data},
	author       = {Rohan Alexander},
	year         = 2023,
	location     = {Boca Raton, FL},
	publisher    = {CRC Press},
	isbn         = 9781032134772,
	subtitle     = {with Applications in {R}}
}
@inbook{Edwards.Lindman.Savage:1963,
	title        = {Bayesian Statistical Inference for Psychological Research},
	author       = {Edwards, Ward and Lindman, Harold and Savage, Leonard J.},
	year         = 1992,
	booktitle    = {Breakthroughs in Statistics: Foundations and Basic Theory},
	publisher    = {Springer},
	address      = {New York},
	pages        = {531--578},
	doi          = {10.1007/978-1-4612-0919-5_34},
	isbn         = {978-1-4612-0919-5},
	url          = {https://doi.org/10.1007/978-1-4612-0919-5\%5F34},
	editor       = {Kotz, Samuel and Johnson, Norman L.}
}
@inbook{Geyer:2011,
	title        = {Introduction to {M}arkov Chain {M}onte {C}arlo},
	author       = {Charles J. Geyer},
	year         = 2011,
	booktitle    = {Handbook of {M}arkov Chain {M}onte {C}arlo},
	publisher    = {CRC Press},
	address      = {Boca Raton},
	pages        = {3--48},
	doi          = {10.1201/b10905-3},
	url          = {https://www.mcmchandbook.net/HandbookChapter1.pdf},
	chapter      = 1,
	editor       = {Brooks, S. and Gelman, A. and Jones, G. and Meng, X.L.}
}
@inbook{Hobert:2011,
	title        = {The Data Augmentation Algorithm: Theory and Methodology},
	author       = {James Hobert},
	year         = 2011,
	booktitle    = {Handbook of {M}arkov Chain {M}onte {C}arlo},
	publisher    = {CRC Press},
	address      = {Boca Raton},
	pages        = {253--293},
	doi          = {10.1201/b10905-11},
	chapter      = 10,
	editor       = {Brooks, S. and Gelman, A. and Jones, G. and Meng, X.L.}
}
@inbook{Rosenthal:2011,
	title        = {Optimal proposal distributions and adaptive {MCMC}},
	author       = {Jeffrey Rosenthal},
	year         = 2011,
	booktitle    = {Handbook of {M}arkov Chain {M}onte {C}arlo},
	publisher    = {CRC Press},
	address      = {Boca Raton},
	pages        = {93--112},
	doi          = {10.1201/b10905-5},
	chapter      = 4,
	editor       = {Brooks, S. and Gelman, A. and Jones, G. and Meng, X.L.}
}
@inbook{Neal:2011,
	title        = {{MCMC} Using {H}amiltonian Dynamics},
	author       = {Radford M. Neal},
	year         = 2011,
	booktitle    = {Handbook of {M}arkov Chain {M}onte {C}arlo},
	publisher    = {CRC Press},
	address      = {Boca Raton},
	pages        = {113--162},
	doi          = {10.1201/b10905-5},
	url          = {https://www.mcmchandbook.net/HandbookChapter5.pdf},
	chapter      = 5,
	editor       = {Brooks, S. and Gelman, A. and Jones, G. and Meng, X.L.}
}
@incollection{Geweke:1992,
	title        = {Evaluating the Accuracy of Sampling-Based Approaches to the Calculation of Posterior Moments},
	author       = {Geweke, John},
	year         = 1992,
	booktitle    = {Bayesian Statistics 4: Proceedings of the Fourth Valencia International Meeting, Dedicated to the memory of Morris H. DeGroot, 1931--1989},
	publisher    = {Oxford University Press},
	doi          = {10.1093/oso/9780198522669.003.0010},
	isbn         = 9780198522669,
	url          = {https://doi.org/10.1093/oso/9780198522669.003.0010}
}
@inproceedings{Zellner:1986,
	title        = {On Assessing Prior Distributions and {B}ayesian Regression Analysis With $g$-prior Distributions},
	author       = {Zellner, Arnold},
	year         = 1986,
	booktitle    = {{B}ayesian Inference and Decision Techniques: Essays in Honor of {B}runo de {F}inetti},
	publisher    = {North-Holland/Elsevier},
	pages        = {233--243}
}
@inproceedings{LEcuyer.Botev:2017,
	title        = {Simulation from the Normal Distribution Truncated to an Interval in the Tail},
	author       = {Botev, Zdravko and L'\'{E}cuyer, Pierre},
	year         = 2017,
	booktitle    = {Proceedings of the 10th EAI International Conference on Performance Evaluation Methodologies and Tools on 10th EAI International Conference on Performance Evaluation Methodologies and Tools},
	pages        = {23--29},
	doi          = {10.4108/eai.25-10-2016.2266879},
	isbn         = {978-1-63190-141-6},
	acmid        = 3130284,
	numpages     = 7
}
@manual{rust,
	title        = {\texttt{rust}: Ratio-of-Uniforms Simulation with Transformation},
	author       = {Paul J. Northrop},
	year         = 2024,
	doi          = {10.32614/CRAN.package.rust},
	url          = {https://paulnorthrop.github.io/rust/},
	note         = {R package version 1.4.3}
}
@misc{stanmanual,
	title        = {Stan Modeling Language Users Guide and Reference Manual},
	author       = {Stan Development Team},
	year         = 2018,
	url          = {http://mc-stan.org/},
	version      = {2.9.0}
}
@misc{Talts:2020,
	title        = {Validating {B}ayesian Inference Algorithms with Simulation-Based Calibration},
	author       = {Sean Talts and Michael Betancourt and Daniel Simpson and Aki Vehtari and Andrew Gelman},
	year         = 2020,
	doi          = {10.48550/arXiv.1804.06788},
	url          = {https://doi.org/10.48550/arXiv.1804.06788},
	note         = {arXiv:1804.06788}
}
@misc{Villani:2023,
	title        = {Bayesian Learning},
	author       = {Mattias Villani},
	year         = 2023,
	url          = {https://mattiasvillani.com/BayesianLearningBook/},
	subtitle     = {A gentle introduction}
}
@misc{posterior,
	title        = {\texttt{posterior}: Tools for Working with Posterior Distributions},
	author       = {Paul-Christian BÃ¼rkner and Jonah Gabry and Matthew Kay and Aki Vehtari},
	year         = 2024,
	doi          = {10.32614/CRAN.package.posterior},
	url          = {https://mc-stan.org/posterior/},
	note         = {R package version 1.6.0}
}

@article{Lewandowski:2009,
title = {Generating random correlation matrices based on vines and extended onion method},
journal = {Journal of Multivariate Analysis},
volume = {100},
number = {9},
pages = {1989--2001},
year = {2009},
issn = {0047-259X},
doi = {10.1016/j.jmva.2009.04.008},
url = {https://doi.org/10.1016/j.jmva.2009.04.008},
author = {Daniel Lewandowski and Dorota Kurowicka and Harry Joe},
}

@book{Eaton:2007,
 title = {Multivariate Statistics: A Vector Space Approach},
 author = {Morris L. Eaton},
 publisher = {Institute for Mathematical Statistics},
 year = {2007},
 doi = {10.1214/lnms/1196285102},
 pages = {512},
 }
 @article{Lin:2024,
	title        = {Culture for Sale: Unpacking Consumer Perceptions of Cultural Appropriation},
	author       = {Lin, Jason D and Kim, Nicole You Jeung and Uduehi, Esther and Keinan, Anat},
	year         = 2024,
	journal      = {Journal of Consumer Research},
	doi          = {10.1093/jcr/ucad076},
	issn         = {0093-5301},
	url          = {https://doi.org/10.1093/jcr/ucad076}
}

@article{Tweedy:1957,
 ISSN = {00034851, 21688990},
 URL = {http://www.jstor.org/stable/2237158},
 author = {M. C. K. Tweedie},
 journal = {The Annals of Mathematical Statistics},
 number = {2},
 pages = {362--377},
 publisher = {Institute of Mathematical Statistics},
 title = {Statistical Properties of Inverse Gaussian Distributions. I.},
 volume = {28},
 year = {1957}
}

@article{Holmes:2002,
 ISSN = {10618600},
 URL = {http://www.jstor.org/stable/1391112},
 author = {C. C. Holmes and D. G. T. Denison and B. K. Mallick},
 journal = {Journal of Computational and Graphical Statistics},
 number = {3},
 pages = {533--551},
 publisher = {[American Statistical Association, Taylor & Francis, Ltd., Institute of Mathematical Statistics, Interface Foundation of America]},
 title = {Accounting for Model Uncertainty in Seemingly Unrelated Regressions},
 volume = {11},
 year = {2002}
}

@article{Madigan.York:1995,
 ISSN = {03067734, 17515823},
 URL = {http://www.jstor.org/stable/1403615},
 author = {David Madigan and Jeremy York},
 journal = {International Statistical Review / Revue Internationale de Statistique},
 number = {2},
 pages = {215--232},
 publisher = {[Wiley, International Statistical Institute (ISI)]},
 title = {Bayesian Graphical Models for Discrete Data},
 volume = {63},
 year = {1995}
}

@article{Brown.Vannucci.Fearn:2002,
    author = {Brown, P. J. and Vannucci, M. and Fearn, T.},
    title = {Bayes Model Averaging with Selection of Regressors},
    journal = {Journal of the Royal Statistical Society Series B: Statistical Methodology},
    volume = {64},
    number = {3},
    pages = {519-536},
    year = {2002},
    month = {08},
    issn = {1369-7412},
    doi = {10.1111/1467-9868.00348},
    url = {https://doi.org/10.1111/1467-9868.00348},
}



@article{Lin.Kim.Uduehi.Keinan:2024,
	title        = {Culture for Sale: Unpacking Consumer Perceptions of Cultural Appropriation},
	author       = {Lin, Jason D and Kim, Nicole You Jeung and Uduehi, Esther and Keinan, Anat},
	year         = 2024,
	journal      = {Journal of Consumer Research},
	doi          = {10.1093/jcr/ucad076},
	issn         = {0093-5301},
	url          = {https://doi.org/10.1093/jcr/ucad076}
}


@article{Tierney.Kadane:1986,
author = {Luke Tierney and Joseph B. Kadane},
title = {Accurate Approximations for Posterior Moments and Marginal Densities},
journal = {Journal of the American Statistical Association},
volume = {81},
number = {393},
pages = {82--86},
year = {1986},
publisher = {ASA Website},
doi = {10.1080/01621459.1986.10478240},
URL = {https://doi.org/10.1080/01621459.1986.10478240},
}

@article{Raftery:1995,
 author = {Adrian E. Raftery},
 url = {https://doi.org/10.2307/271063},
 doi = {10.2307/271063},
 journal = {Sociological Methodology},
 pages = {111--163},
 publisher = {[American Sociological Association, Wiley, Sage Publications, Inc.]},
 title = {Bayesian Model Selection in Social Research},
 urldate = {2025-03-14},
 volume = {25},
 year = {1995}
}

@article{Wood:2019,
    author = {Wood, Simon N},
    title = {Simplified integrated nested {L}aplace approximation},
    journal = {Biometrika},
    volume = {107},
    number = {1},
    pages = {223--230},
    year = {2019},
    month = {09},
    issn = {0006-3444},
    doi = {10.1093/biomet/asz044},
    url = {https://doi.org/10.1093/biomet/asz044},
}



@article{Rue.Martino.Chopin:2009,
author = {Rue, H{\aa}vard and Martino, Sara and Chopin, Nicolas},
title = {Approximate Bayesian inference for latent {G}aussian models by using integrated nested {L}aplace approximations},
journal = {Journal of the Royal Statistical Society: Series B (Statistical Methodology)},
volume = {71},
number = {2},
pages = {319--392},
doi = {10.1111/j.1467-9868.2008.00700.x},
url = {https://doi.org/10.1111/j.1467-9868.2008.00700.x},
year = {2009}
}

@article{Durante:2024,
 author = {Daniele Durante and Francesco Pozza and Botond Szabo},
 title = {Skewed {B}ernstein--von {M}ises theorem and skew-modal approximations},
 journal = {The Annals of Statistics},
 volume = {52}, 
 number = {6},
 pages = {2714--2737},
 year = {2024},
 doi = {10.1214/24-AOS2429},
 url = {https://doi.org/10.1214/24-AOS2429}
}

@article{Maher:1982,
author = {Maher, M. J.},
title = {Modelling association football scores},
journal = {Statistica Neerlandica},
volume = {36},
number = {3},
pages = {109--118},
doi = {10.1111/j.1467-9574.1982.tb00782.x},
url = {https://doi.org/10.1111/j.1467-9574.1982.tb00782.x},
year = {1982}
}


@article{vanNiekerk:2023,
title = {A new avenue for {B}ayesian inference with {INLA}},
journal = {Computational Statistics & Data Analysis},
volume = {181},
pages = {107692},
year = {2023},
issn = {0167-9473},
doi = {10.1016/j.csda.2023.107692},
url = {https://doi.org/10.1016/j.csda.2023.107692},
author = {Janet {Van Niekerk} and Elias Krainski and Denis Rustand and H\aa{a}vard Rue},
}

@article{vanNiekerk.Rue:2024,
  author  = {Janet {van Niekerk} and H\aa{a}vard Rue},
  title   = {Low-rank Variational {B}ayes correction to the {L}aplace method},
  journal = {Journal of Machine Learning Research},
  year    = {2024},
  volume  = {25},
  number  = {62},
  pages   = {1--25},
  url     = {http://jmlr.org/papers/v25/21-1405.html}
}

@article{Peskun:1973,
    author = {Peskun, P. H.},
    title = {Optimum {M}onte-{C}arlo sampling using {M}arkov chains},
    journal = {Biometrika},
    volume = {60},
    number = {3},
    pages = {607--612},
    year = {1973},
      issn = {0006-3444},
    doi = {10.1093/biomet/60.3.607},
    url = {https://doi.org/10.1093/biomet/60.3.607},
}


@article{Kucukelbir:2017,
	title        = {Automatic Differentiation Variational Inference},
	author       = {Alp Kucukelbir and Dustin Tran and Rajesh Ranganath and Andrew Gelman and David M. Blei},
	year         = {2017},
	journal      = {Journal of Machine Learning Research},
	volume       = {18},
	number       = {14},
	pages        = {1--45},
	url          = {http://jmlr.org/papers/v18/16-107.html},
}

@article{Blei:2017,
	title        = {Variational Inference: A Review for Statisticians},
	author       = {David M. Blei and Alp Kucukelbir and Jon D. McAuliffe and},
	year         = {2017},
	journal      = {Journal of the American Statistical Association},
	volume       = {112},
	number       = {518},
	pages        = {859--877},
	doi          = {10.1080/01621459.2017.1285773},
	url          = {https://doi.org/10.1080/01621459.2017.1285773},
}

@inproceedings{Ranganath.Gerrish.Blei:2014,
	title        = {Black Box Variational Inference},
	author       = {Ranganath, Rajesh and Gerrish, Sean and Blei, David},
	year         = {2014},
	booktitle    = {Proceedings of the Seventeenth International Conference on Artificial Intelligence and Statistics},
	publisher    = {Pmlr},
	address      = {Reykjavik, Iceland},
	series       = {Proceedings of Machine Learning Research},
	volume       = {33},
	pages        = {814--822},
	url          = {https://proceedings.mlr.press/v33/ranganath14.html},
	editor       = {Kaski, Samuel and Corander, Jukka},
}

@book{Bishop:2006,
  author = {Bishop, Christopher M.},
  publisher = {Springer},
  address = {New York, NY},
  title = {Pattern Recognition and Machine Learning},
  year = 2006,
  isbn = {978-0-387-31073-2},
  url = {https://www.microsoft.com/en-us/research/publication/pattern-recognition-machine-learning/},
}

@book{Boyd.Vandenberghe:2004, 
  address = {Cambridge, UK}, 
  title={Convex Optimization}, 
  publisher={Cambridge University Press}, 
  author={Boyd, Stephen and Vandenberghe, Lieven},
  year={2004},
  doi = {10.1017/CBO9780511804441}
 }
 
 

@article{Ormerod.Wand:2010,
author = {J. T. Ormerod and M. P. Wand},
title = {Explaining Variational Approximations},
journal = {The American Statistician},
volume = {64},
number = {2},
pages = {140--153},
year = {2010},
publisher = {ASA Website},
doi = {10.1198/tast.2010.09058},
URL = {https://doi.org/10.1198/tast.2010.09058},
}
@article{Hoffman:2013,
  author  = {Matthew D. Hoffman and David M. Blei and Chong Wang and John Paisley},
  title   = {Stochastic Variational Inference},
  journal = {Journal of Machine Learning Research},
  year    = {2013},
  volume  = {14},
  number  = {40},
  pages   = {1303--1347},
  url     = {http://jmlr.org/papers/v14/hoffman13a.html}
}


@InProceedings{Ranganath:2014,
  title = 	 {{Black Box Variational Inference}},
  author = 	 {Ranganath, Rajesh and Gerrish, Sean and Blei, David},
  booktitle = 	 {Proceedings of the Seventeenth International Conference on Artificial Intelligence and Statistics},
  pages = 	 {814--822},
  year = 	 {2014},
  editor = 	 {Kaski, Samuel and Corander, Jukka},
  volume = 	 {33},
  series = 	 {Proceedings of Machine Learning Research},
  address = 	 {Reykjavik, Iceland},
  month = 	 {22--25 Apr},
  publisher =    {PMLR},
  url = 	 {https://proceedings.mlr.press/v33/ranganath14.html},
}


@phdthesis{Minka:2001,
	title        = {A family of algorithms for approximate {B}ayesian inference},
	author       = {Thomas P. Minka},
	year         = 2001,
	school       = {Massachusetts Institute of Technology},
	url = {http://hdl.handle.net/1721.1/86583},
}

@inproceedings{So.Turner:2024,
 author = {So, Jonathan and Turner, Richard E.},
 booktitle = {Advances in Neural Information Processing Systems},
 editor = {A. Globerson and L. Mackey and D. Belgrave and A. Fan and U. Paquet and J. Tomczak and C. Zhang},
 pages = {119742--119777},
 publisher = {Curran Associates, Inc.},
 title = {Fearless Stochasticity in Expectation Propagation},
 url = {https://proceedings.neurips.cc/paper_files/paper/2024/file/d8577a93072ac583c1618746d757e411-Paper-Conference.pdf},
 volume = {37},
 year = {2024}
}

@article{Dehaene.Barthelme:2018,
author = {Dehaene, Guillaume and BarthelmÃ©, Simon},
title = {Expectation propagation in the large data limit},
journal = {Journal of the Royal Statistical Society: Series B (Statistical Methodology)},
volume = {80},
number = {1},
pages = {199--217},
doi = {10.1111/rssb.12241},
url = {https://doi.org/10.1111/rssb.12241},
year = {2018}
}

@Inbook{Heskes:2016,
author="Heskes, Tom",
editor="Sammut, Claude
and Webb, Geoffrey I.",
title="Expectation Propagation",
bookTitle="Encyclopedia of Machine Learning and Data Mining",
year="2016",
publisher="Springer US",
address="Boston, MA",
pages="1--6",
isbn="978-1-4899-7502-7",
doi="10.1007/978-1-4899-7502-7_95-1",
url="https://doi.org/10.1007/978-1-4899-7502-7_95-1"
}


@article{Vehtari.Gelman.Sivula:2020,
author = {Vehtari, Aki and Gelman, Andrew and Sivula, Tuomas and Jyl\"{a}nki, Pasi and Tran, Dustin and Sahai, Swupnil and Blomstedt, Paul and Cunningham, John P. and Schiminovich, David and Robert, Christian P.},
title = {Expectation propagation as a way of life: a framework for {B}ayesian inference on partitioned data},
year = {2020},
issue_date = {January 2020},
publisher = {JMLR.org},
volume = {21},
number = {1},
issn = {1532-4435},
journal = {Journal of Machine Learning Research},
month = jan,
articleno = {17},
numpages = {53},
}


@article{Cseke.Heskes:2011,
  author  = {Botond Cseke and Tom Heskes},
  title   = {Approximate Marginals in Latent {G}aussian Models},
  journal = {Journal of Machine Learning Research},
  year    = {2011},
  volume  = {12},
  number  = {13},
  pages   = {417--454},
  url     = {http://jmlr.org/papers/v12/cseke11a.html}
}

@article{Liu:1994,
title = {{S}iegel's formula via {S}tein's identities},
journal = {Statistics \& Probability Letters},
volume = {21},
number = {3},
pages = {247--251},
year = {1994},
issn = {0167-7152},
doi = {10.1016/0167-7152(94)90121-X},
url = {https://doi.org/10.1016/0167-7152(94)90121-X},
author = {Jun S. Liu},
}
